<?xml version="1.0" encoding="UTF-8"?><collection xmlns="http://www.loc.gov/MARC21/slim"><record><leader>00493nam--2200169-u-4500</leader><controlfield tag="001">000054342</controlfield><controlfield tag="002">20161230</controlfield><controlfield tag="005">20170102170451</controlfield><controlfield tag="008">111123s1000------------r-----000-0-eng-d</controlfield><datafield ind1=" " ind2=" " tag="040"><subfield code="a">IFIN-HH</subfield></datafield><datafield ind1=" " ind2=" " tag="080"><subfield code="a">539.12</subfield></datafield><datafield ind1="1" ind2=" " tag="100"><subfield code="a">Fry, J.R</subfield></datafield><datafield ind1="1" ind2="0" tag="245"><subfield code="a">Experimental tests of the factorisation of regge trajectories in the proton fragmentation region</subfield><subfield code="c">J.R. Fry (s.a.)</subfield></datafield><datafield ind1=" " ind2=" " tag="260"><subfield code="a">Liverpool</subfield><subfield code="b">Liverpool University</subfield><subfield code="c">1972</subfield></datafield><datafield ind1=" " ind2=" " tag="300"><subfield code="a">15 p</subfield></datafield><datafield ind1=" " ind2=" " tag="852"><subfield code="a">8547</subfield><subfield code="c">539.12</subfield></datafield><datafield ind1=" " ind2=" " tag="CAT"><subfield code="a">SYS</subfield><subfield code="c">20170102</subfield><subfield code="h">170451</subfield></datafield></record></collection>